% This file was created with JabRef 2.6.
% Encoding: Cp1252

@BOOK{clements:2002,
  title = {{Documenting Software Architectures: Views and Beyond}},
  publisher = {Addison-Wesley Professional},
  year = {2010},
  author = {Felix Bachmann and Len Bass and Paul Clements and David Garlan and
	James Ivers and Reed Little and Robert Nord and Judith Stafford},
  edition = {2},
  month = {October},
  owner = {Administrador},
  timestamp = {2011.10.24}
}

@BOOK{booch:2007,
  title = {{Object-Oriented Analysis and Design with Applications}},
  publisher = {Addison-Wesley Professional},
  year = {2007},
  author = {Grady Booch and Robert A. Maksimchuk and Michael W. Engel and Bobbi
	J. Young and Jim Conallen and Kelli A. Houston},
  edition = {3},
  month = {April},
  owner = {Pablo},
  timestamp = {2012.02.07}
}

@BOOK{brown:1998,
  title = {{AntiPatterns: Refactoring Software, Architectures and Projects in
	Crisis}},
  publisher = {Wiley},
  year = {1998},
  author = {William J. Brown and Raphael C. Malveau and Hays W. "Skip" McCormick
	and Thomas J. Mowbray},
  month = {April},
  owner = {Pablo},
  timestamp = {2012.02.07}
}

@BOOK{fowler:1999,
  title = {{Refactoring: Improving the Design of Existing Code}},
  publisher = {Addison Wesley},
  year = {1999},
  author = {Martin Fowler},
  month = {July},
  owner = {Administrador},
  timestamp = {2012.02.05}
}

@BOOK{gamma:1994,
  title = {{Design Patterns: Elements of Reusable Object-Oriented Software}},
  publisher = {Addison Wesley},
  year = {1994},
  author = {Erich Gamma and Richard Helm and Ralph Johnson and John Vlissides},
  month = {November},
  owner = {Pablo},
  timestamp = {2012.01.18}
}

@BOOK{felix:2008,
  title = {{Medici{\'o}n y Estimaci{\'o}n del Software: T{\'e}cnicas y M{\'e}todos
	para Mejorar la Calidad y la Productividad}},
  publisher = {Ra-Ma},
  year = {2008},
  author = {F{\'e}lix O. Garc{\'i}a and Javier Garz{\'a}s and Marcela F. Genero
	and Mario Piattini.},
  owner = {Pablo},
  timestamp = {2012.01.19}
}

@BOOK{gomaa:2011,
  title = {{Software Modeling and Design: UML, Use Cases, Patterns and Software
	Architectures}},
  publisher = {Cambridge University Press},
  year = {2011},
  author = {Hassan Gomaa},
  month = {February},
  owner = {Pablo},
  timestamp = {2012.02.07}
}

@BOOK{jezequel:1999,
  title = {{Design Patterns and Contracts}},
  publisher = {Addison Wesley},
  year = {1997},
  author = {Jean-Marc Jezequel and Michel Train and Christine Mingins},
  month = {October},
  owner = {Pablo},
  timestamp = {2012.02.14}
}

@BOOK{larman:2004,
  title = {{Applying UML and Patterns: An Introduction to Object-Oriented Analysis
	and Design and Iterative Development}},
  publisher = {Prentice Hall},
  year = {2004},
  author = {Craig Larman},
  edition = {3},
  month = {OctoberPrentice},
  owner = {Pablo},
  timestamp = {2012.02.03}
}

@ARTICLE{lieberherr:1989,
  author = {Karl J. Lieberherr and Ian M. Holland},
  title = {{Assuring Good Style for Object-Oriented Programs}},
  journal = {IEEE Software},
  year = {1989},
  volume = {6},
  pages = {38--48},
  number = {5},
  month = {sept.},
  doi = {10.1109/52.35588},
  owner = {Pablo},
  timestamp = {2012.03.05}
}

@TECHREPORT{martin:2000,
  author = {Robert C. Martin},
  title = {{Design Principles and Design Patterns}},
  institution = {ObjectMentor},
  year = {2000},
  type = {Technical Report},
  owner = {Pablo},
  timestamp = {2012.02.03}
}

@ARTICLE{mccabe:1976,
  author = {Thomas J. McCabe},
  title = {{A Complexity Measure}},
  journal = {IEEE Transactions onSoftware Engineering},
  year = {1976},
  volume = {2},
  pages = {308--320},
  number = {4},
  month = {December},
  doi = {http://doi.ieeecomputersociety.org/10.1109/TSE.1976.233837},
  owner = {Pablo},
  timestamp = {2012.03.14}
}

@BOOK{meyer:2009,
  title = {{Touch of Class: Learning to Program Well with Objects and Contracts}},
  publisher = {Springer},
  year = {2009},
  author = {Bertrand Meyer},
  month = {September},
  owner = {Pablo},
  timestamp = {2011.04.12}
}

@BOOK{meyer:2000,
  title = {{Object-Oriented Software Construction}},
  publisher = {Prentice Hall},
  year = {2000},
  author = {Bertrand Meyer},
  month = {March},
  owner = {Pablo},
  timestamp = {2011.04.12}
}

@ARTICLE{parnas:1972,
  author = {David L. Parnas},
  title = {{On the Criteria to Be Used in Decomposing Systems into Modules}},
  journal = {Communications of the ACM},
  year = {1972},
  volume = {15},
  pages = {1053--1058},
  number = {12},
  month = {December},
  doi = {http://doi.acm.org/10.1145/361598.361623},
  owner = {Pablo},
  timestamp = {2012.02.24}
}

@BOOK{pilone:2005,
  title = {{UML 2.0 in a Nutshell}},
  publisher = {O'Reilly},
  year = {2005},
  author = {Dan Pilone and Neil Pitman},
  edition = {2},
  month = {June},
  owner = {Pablo},
  timestamp = {2012.02.07}
}

@BOOK{raistrick:2004,
  title = {{Model Driven Architecture with Executable UML}},
  publisher = {Cambridge University Press},
  year = {2004},
  author = {Chris Raistrick and Paul Francis and John Wright and Colin Carter
	and Ian Wilkie},
  month = {May},
  owner = {Pablo},
  timestamp = {2012.02.07}
}

@BOOK{taylor:2009,
  title = {{Software Architecture: Foundations, Theory, and Practice}},
  publisher = {Wiley},
  year = {2009},
  author = {Richard N. Taylor and Nenad Medvidovic and EricM. Dashofy},
  month = {January},
  owner = {Pablo},
  timestamp = {2011.05.16}
}

@book{Martin2002,
abstract = {Teaches software developers and project managers how to get projects done on time, and on budget using the power of Agile Development. Uses real-world case studies to show how to of plan, test, refactor, and pair program using eXtreme programming. Contains a wealth of reusable C++ and Java code. Focuses on solving customer oriented systems problems using UML and Design Patterns.},
author = {Martin, Robert C},
booktitle = {Book},
isbn = {0135974445},
mendeley-groups = {Dise\~{n}o Software},
pages = {529},
title = {{Agile Software Development, Principles, Patterns, and Practices}},
year = {2002}
}

@book{Freeman2004,
abstract = {Una primera mirada a los patrones de dise\~{n}o, sin embargo, se explican de manera entendible y detallada},
author = {Freeman, Erick and Robson, Elisabeth and Bate, Bert and Sierra, Kathy},
isbn = {0596007124},
mendeley-groups = {Dise\~{n}o Software},
publisher = {O'Reilly},
title = {{Head First Design Patterns}},
year = {2004}
}


@comment{jabref-meta: selector_publisher:}

@comment{jabref-meta: selector_author:}

@comment{jabref-meta: selector_journal:}

@comment{jabref-meta: selector_keywords:}
